@online{why-hasnt-functional-programming-taken-over-yet,
  author = {Lippert, Eric},
  title = {Why hasn't functional programming taken over yet},
  year = 2010,
  url = {http://stackoverflow.com/a/2835936/1057369},
  year = {2016-02-09}
}

@online {equational-reasoning,
	title = { Equational reasonings examples},
    url = {https://wiki.haskell.org/Equational_reasoning_examples},
    year = 2009,
    urldate = {2016-02-03}
}

@online {haddock-style,
	title ={Chapter 3. Documentation and Markup},
    author = {Simon Marlow and David Waern},
    year = 2010,
	url = {https://www.haskell.org/haddock/doc/html/markup.html},
    urldate = {2016-02-03}
}

@article{Claessen:2011:QLT:1988042.1988046,
 author = {Claessen, Koen and Hughes, John},
 title = {QuickCheck: A Lightweight Tool for Random Testing of Haskell Programs},
 journal = {SIGPLAN Not.},
 issue_date = {April 2011},
 volume = {46},
 number = {4},
 month = may,
 year = {2011},
 issn = {0362-1340},
 pages = {53--64},
 numpages = {12},
 url = {http://doi.acm.org/10.1145/1988042.1988046},
 doi = {10.1145/1988042.1988046},
 acmid = {1988046},
 publisher = {ACM},
 address = {New York, NY, USA},
} 

@phdthesis{a-distributed-haskell-for-the-modern-web,
  title={A Distributed Haskell for the Modern Web},
  author={Ekblad, Anton},
  year={2015},
  school={Chalmers Institute of Technology}
}

@online {haskell-org-description,
	title ={Description of Haskell},
	url = {https://www.haskell.org/},
    year = 2015,
    urldate = {2016-02-07}
}

@article{marlow2010haskell,
  title={Haskell 2010 language report},
  author={Marlow, Simon and others},
  journal={Available online http://www. haskell. org/(May 2011)},
  year={2010}
}

@online {advantages-of-functional-programming,
	title ={Advantages of Functional Programming},
	url = {http://c2.com/cgi/wiki?AdvantagesOfFunctionalProgramming},
    year = 2009,
    urldate = {2016-02-03}
}

@online {haskell-programming-guidelines,
	title ={Official Haskell programming guidelines},
	url = {https://wiki.haskell.org/Programming_guidelines},
    year = 2015,
    urldate = {2016-02-03}
}

@online {functional-programming-haskell-wiki,
	title ={Functional Programming Haskell Wiki},
	url = {https://wiki.haskell.org/Functional_programming},
    year = 2014,
    urldate = {2016-02-03}
}

@online {agile-manifesto,
	title ={The Agile Manifesto},
	url = {https://www.agilealliance.org/agile101/12-principles-behind-the-agile-manifesto},
    year = 2015,
    urldate = {2016-02-03}
}

@online {a-successfull-branching-model,
	title ={A successful git branching model},
	url = {http://nvie.com/posts/a-successful-git-branching-model},
    author = {Vincent Driessen},
    year = 2010,
    urldate = {2016-02-09}
}

@inproceedings{Hudak:2007:HHL:1238844.1238856,
 author = {Hudak, Paul and Hughes, John and Peyton Jones, Simon and Wadler, Philip},
 title = {A History of Haskell: Being Lazy with Class},
 booktitle = {Proceedings of the Third ACM SIGPLAN Conference on History of Programming Languages},
 series = {HOPL III},
 year = {2007},
 isbn = {978-1-59593-766-7},
 location = {San Diego, California},
 pages = {12-1--12-55},
 url = {http://doi.acm.org/10.1145/1238844.1238856},
 doi = {10.1145/1238844.1238856},
 acmid = {1238856},
 publisher = {ACM},
 address = {New York, NY, USA},
} 

@article{ekblad2015seamless,
  title={A seamless, client-centric programming model for type safe web applications},
  author={Ekblad, Anton and Claessen, Koen},
  journal={ACM SIGPLAN Notices},
  volume={49},
  number={12},
  pages={79--89},
  year={2015},
  publisher={ACM}
}
